<collection xmlns="http://www.loc.gov/MARC21/slim"><record><leader>00784nam  2200265   450</leader><controlfield tag="001">374</controlfield><controlfield tag="003">http://montalegre.opacnet.com/OPAC/default.aspx?ContentAreaControl=ShowRegHoldings.ascx&amp;RegNo=16662</controlfield><datafield tag="010" ind1=" " ind2=" "><subfield code="a">972-41-3952-2</subfield></datafield><datafield tag="021" ind1=" " ind2=" "><subfield code="a">PT</subfield><subfield code="b">220075/04</subfield></datafield><datafield tag="100" ind1=" " ind2=" "><subfield code="a">20060117d2004    m  y0pory0103    ba</subfield></datafield><datafield tag="101" ind1="1" ind2=" "><subfield code="a">por</subfield><subfield code="c">eng</subfield></datafield><datafield tag="102" ind1=" " ind2=" "><subfield code="a">PT</subfield></datafield><datafield tag="105" ind1=" " ind2=" "><subfield code="a">y   z   001yy</subfield></datafield><datafield tag="106" ind1=" " ind2=" "><subfield code="a">r</subfield></datafield><datafield tag="200" ind1="1" ind2=" "><subfield code="a">Viagem sem regresso</subfield><subfield code="f">Katy Gardner</subfield><subfield code="g">trad. Isabel Alves</subfield></datafield><datafield tag="205" ind1=" " ind2=" "><subfield code="a">4ª ed</subfield></datafield><datafield tag="210" ind1=" " ind2=" "><subfield code="a">Porto</subfield><subfield code="c">Asa</subfield><subfield code="d">2004</subfield></datafield><datafield tag="215" ind1=" " ind2=" "><subfield code="a">284, [3] p.</subfield><subfield code="d">24 cm</subfield></datafield><datafield tag="225" ind1="2" ind2=" "><subfield code="a">Romance</subfield></datafield><datafield tag="225" ind1="2" ind2=" "><subfield code="a">Asa literatura</subfield></datafield><datafield tag="304" ind1=" " ind2=" "><subfield code="a">Tít. orig.: Losing gemma</subfield></datafield><datafield tag="700" ind1=" " ind2="1"><subfield code="a">Gardner</subfield><subfield code="b">Katy</subfield><subfield code="3">1215611</subfield></datafield><datafield tag="702" ind1=" " ind2="1"><subfield code="a">Alves</subfield><subfield code="b">Isabel</subfield><subfield code="4">730</subfield><subfield code="3">33379</subfield></datafield><datafield tag="801" ind1=" " ind2="0"><subfield code="a">PT</subfield><subfield code="b">Biblioteca Municipal de Montalegre</subfield><subfield code="g">RPC</subfield></datafield><datafield tag="856" ind1=" " ind2=" "><subfield code="u">locateMedia.asp?cod=20060512113815&amp;ext=jpg</subfield><subfield code="z">CAPA</subfield></datafield><datafield tag="909" ind1="&#9;" ind2=" "><subfield code="a">1</subfield></datafield><datafield tag="966" ind1=" " ind2=" "><subfield code="a">0016146</subfield><subfield code="l">BMM</subfield><subfield code="s">SCG 821 GAR via</subfield></datafield></record></collection>